% https://www.sharelatex.com/blog/2013/08/08/thesis-series-pt4.html
@article{ohtomo_hwang_2004, 
    title={A high-mobility electron gas at the LaAlO3/SrTiO3 heterointerface}, 
    volume={427}, 
    DOI={10.1038/nature02308}, 
    number={6973}, 
    journal={Nature}, 
    author={Ohtomo, A. and Hwang, H. Y.}, 
    year={2004}, pages={423–426}
} %used

@article{thiel_2006, title={Tunable Quasi-Two-Dimensional Electron Gases in Oxide Heterostructures}, volume={313}, DOI={10.1126/science.1131091}, number={5795}, journal={Science}, author={Thiel, S.}, year={2006}, pages={1942–1945}} %used

@article{caviglia,
title={Electric field control of the LaAlO3/SrTiO3 interface ground state}, volume={456}, DOI={10.1038/nature07576}, number={7222}, journal={Nature}, author={Caviglia, A. D. and Gariglio, S. and Reyren, N. and Jaccard, D. and Schneider, T. and Gabay, M. and Thiel, S. and Hammerl, G. and Mannhart, J. and Triscone, J.-M. and et al.}, year={2008}, pages={624–627}} %used

@article{forg_richter_mannhart_2012, title={Field-effect devices utilizing LaAlO3-SrTiO3 interfaces}, volume={100}, DOI={10.1063/1.3682102}, number={5}, journal={Applied Physics Letters}, author={Förg, B. and Richter, C. and Mannhart, J.}, year={2012}, pages={053506}} %used

@article{hosoda_hikita_hwang_bell_2013, title={Transistor operation and mobility enhancement in top-gated LaAlO3/SrTiO3 heterostructures}, volume={103}, DOI={10.1063/1.4820449}, number={10}, journal={Applied Physics Letters}, author={Hosoda, Masayuki and Hikita, Yasuyuki and Hwang, Harold Y. and Bell, Christopher}, year={2013}, month={2}} %used

@article{eerkes_wiel_hilgenkamp_2013, title={Modulation of conductance and superconductivity by top-gating in LaAlO3/SrTiO3 2-dimensional electron systems}, volume={103}, DOI={10.1063/1.4829555}, number={20}, journal={Applied Physics Letters}, author={Eerkes, P. D. and Wiel, W. G. Van Der and Hilgenkamp, H.}, year={2013}, month={9}} %used

@article{kalabukhov_2007, title={Effect of oxygen vacancies in the SrTiO\textsubscript{3} substrate on the electrical properties of the LaAlO\textsubscript{3}/SrTiO\textsubscript{3} interface}, volume={75}, DOI={10.1103/physrevb.75.121404}, number={12}, journal={Physical Review B}, author={Kalabukhov, A. and Gunnarsson, Robert and Börjesson, Johan and Olsson, Eva and Claeson, Tord and Winkler, Dag}, year={2007}}
%used


@book{Semiconductor_explained_more,
  author    = {Hueting, R.J.E and Mouthaan, A.J. and  Sasse, G.T.}, 
  title     = {Semiconductor Devices Explained More},
  year      = 2013,
  month     = 4,
  note      = {Semiconductor handbook from University of Twente for Electrical Engineering},
}%used


@misc{Peter_PHD_Thesis,
title = {Top-gating of the two-dimensional electron gas at complex oxide interfaces},
author = {P.D. Eerkes},
year = {2014},
month = {6},
doi = {10.3990/1.9789036536554},
isbn = {978-90-365-3655-4},
publisher = {Gildeprint Drukkerijen},
school = {University of Twente},
}

@book{christensen_2002, place={London}, title={Percolation Theory}, publisher={Blackett Laboratory Imperial College London}, author={Christensen, K.}, year={2002}} %used

@misc{percolation_simulation, author={University of Graz}, title={Percolation Theory} ,url={http://physik.uni-graz.at/~cbl/CP1/contents/Texts/sec_3.pdf}} % reference for fiding all clusters

@inbook{Stauffer_RRTN_2009, place={Berlin}, title={Nonlinear Response, Semi-classical Percolation and Breakdown in the RRTN Model}, booktitle={Quantum and semi-classical percolation and breakdown in disordered solids}, publisher={Springer}, author={Sen, Asok K. and Bardhan, Kamal K. and Chakrabarti, Bikas K. and undefined, undefined undefined}, year={2009}} %used

@inbook{Stauffer_classical_percolation_2009, place={Berlin}, title={Classical Percolation}, booktitle={Quantum and semi-classical percolation and breakdown in disordered solids}, publisher={Springer}, author={Sen, Asok K. and Bardhan, Kamal K. and Chakrabarti, Bikas K. and Stauffer, Dietrich}, year={2009}} %used


@article{cantoni_gazquez_2012, title={Electron Transfer and Ionic Displacements at the Origin of the 2D Electron Gas at the LAO/STO Interface: Direct Measurements with Atomic-Column Spatial Resolution}, volume={24}, DOI={10.1002/adma.201200667}, number={29}, journal={Advanced Materials}, author={Cantoni, C. and Gazquez, Jaume and Granozio, Fabio Miletto and Oxley, Mark P. and Varela, Maria and Lupini, Andrew R. and Pennycook, Stephen J. and Aruta, Carmela and Uccio, Umberto Scotti Di and Perna, Paolo and et al.}, year={2012}, pages={3952–3957}} %used

@article{li_Large_capacitance_enhancement_2011, title={Very Large Capacitance Enhancement in a Two-Dimensional Electron System}, volume={332}, DOI={10.1126/science.1204168}, number={6031}, journal={Science}, author={Li, L. and Richter, C. and Paetel, S. and Kopp, T. and Mannhart, J. and Ashoori, R. C.}, year={2011}, month={12}, pages={825–828}} %used

@article{kim_kim_lim_jeong_kwon_baek_kim_2015, title={Electric-field-induced Shift in the Threshold Voltage in LaAlO3/SrTiO3 Heterostructures}, volume={5}, DOI={10.1038/srep08023}, number={1}, journal={Scientific Reports}, author={Kim, Seong Keun and Kim, Shin-Ik and Lim, Hyungkwang and Jeong, Doo Seok and Kwon, Beomjin and Baek, Seung-Hyub and Kim, Jin-Sang}, year={2015}}
% can be used in shift for threshold voltage

@inbook{hu_2010, place={Upper Saddle River, N.J}, title={Chapter 7: MOSFETs in ICs—Scaling, Leakage, and Other Topics}, booktitle={Modern semiconductor devices for integrated circuits}, publisher={Prentice Hall}, author={Hu, Chenming}, year={2010}}

@article{wang_liu_2017, title={Ferroelectric FET for nonvolatile memory application with two-dimensional MoSe2 channels}, volume={4}, DOI={10.1088/2053-1583/aa5c17}, number={2}, journal={2D Materials}, author={Wang, X. and Liu, C. and Chen, Y. and Wu, G. and Yan, X. and Huang, H. and Wang, P. and Tian, Bobo and Hong, Zhenchen and Wang, Yutao and et al.}, year={2017}}

@article{yu_zunger_2014, title={A polarity-induced defect mechanism for conductivity and magnetism at polar–nonpolar oxide interfaces}, volume={5}, DOI={10.1038/ncomms6118}, number={1}, journal={Nature Communications}, author={Yu, L. and Zunger, A.}, year={2014}}

@article{bogorin_irvin_cen_levy_2012, title={LaAlO3/SrTiO3-based device concepts}, DOI={10.1093/acprof:oso/9780199584123.003.0013}, journal={Multifunctional Oxide Heterostructures}, author={Bogorin, D. F. and Irvin, Patrick and Cen, Cheng and Levy, Jeremy}, year={2012}, pages={364–388}}

@article{stadhouder_2018, title={Probing the LaAlO3 - SrTiO3 quasi-two-dimensional electron system using electron tunneling spectroscopy}, author={Stadhouder, B.}, year={2018}, month={4}}


@article{kalabukhov_gunnarsson_2008, title={Effect of various deposition conditions on the electrical properties of LAO/STO hetero interfaces}, volume={100}, DOI={10.1088/1742-6596/100/8/082039}, number={8}, journal={Journal of Physics: Conference Series}, author={Kalabukhov, A. and Gunnarsson, R. and Börjesson, J. and Olsson, E. and Winkler, D. and Claeson, T.}, year={2008}, month={1}, pages={082039}}

@article{li_graf_schladt_jiang_parkin_2012, title={Role of Percolation in the Conductance of Electrolyte-GatedSrTiO3}, volume={109}, DOI={10.1103/physrevlett.109.196803}, number={19}, journal={Physical Review Letters}, author={Li, Mingyang and Graf, Tanja and Schladt, Thomas D. and Jiang, Xin and Parkin, Stuart S. P.}, year={2012}, month={9}}

@article{woltmann_harada_boschker_srot_aken_klauk_mannhart_2015, title={Field-Effect Transistors with Submicrometer Gate Lengths Fabricated fromLaAlO3-SrTiO3-Based Heterostructures}, volume={4}, DOI={10.1103/physrevapplied.4.064003}, number={6}, journal={Physical Review Applied}, author={Woltmann, C. and Harada, T. and Boschker, H. and Srot, V. and Aken, P.A. Van and Klauk, H. and Mannhart, J.}, year={2015}}

@article{kurten_2017, title={The Superconductor-Insulator Transistion in the LaAlO3 - SrTiO3 Electron System}, journal={Tunneling and Field Effect Investigation}, author={K\"{u}rten, L.}, year={2017}, month={11}}

@misc{A*search, title={A* Search}, url={https://brilliant.org/wiki/a-star-search/}, journal={Brilliant Math & Science Wiki}}

@article{geller_wood_1956, title={Crystallographic studies of perovskite-like compounds. I. Rare earth orthoferrites and YFeO3, YCrO3, YAlO3}, volume={9}, DOI={10.1107/s0365110x56001571}, number={7}, journal={Acta Crystallographica}, author={Geller, S. and Wood, E. A.}, year={1956}, month={1}, pages={563–568}}
% FOR LAO

@article{koster_1998, title={Quasi-ideal strontium titanate crystal surfaces through formation of strontium hydroxide}, volume={73}, DOI={10.1063/1.122630}, number={20}, journal={Applied Physics Letters}, author={Koster, G. and Kropman, B. L. and Rijnders, G. J. H. M. and Blank, D. H. A. and Rogalla, H.}, year={1998}, pages={2920–2922}}
% For STO

@article{tomczyk_2017, title={Electrostatically tuned dimensional crossover in LaAlO3/SrTiO3 heterostructures}, volume={5}, DOI={10.1063/1.4999804}, number={10}, journal={APL Materials}, author={Tomczyk, M. and Zhou, R. and Lee, H. and Lee, J. W. and Cheng, G. and Huang, M. and Irvin, P. and Eom, C. B. and Levy, J.}, year={2017}, pages={106107}}

@article{pavlenko_2012, title={Magnetic and superconducting phases at the LaAlO3/SrTiO3interface: The role of interfacial Ti 3delectrons}, volume={85}, DOI={10.1103/physrevb.85.020407}, number={2}, journal={Physical Review B}, author={Pavlenko, N. and Kopp, T. and Tsymbal, E. Y. and Sawatzky, G. A. and Mannhart, J.}, year={2012}}

@book{hook_hall_2013, place={Hoboken}, title={Solid state physics}, publisher={Wiley}, author={Hook, J. R. and Hall, H. E.}, year={2013}}
